%------------------------------------------------------------
% Peer-review papers need to have keywords={peer-review}
%
%------------------------------------------------------------

@inproceedings{normoyle24controllerinfluence,
author = {Normoyle, Aline and Thumu, Neha and Cheng, Yi Fei},
title = {Controller influence on self-determination versus performance in a mobile augmented reality platform game},
year = {2024},
isbn = {9798400710902},
publisher = {Association for Computing Machinery},
address = {New York, NY, USA},
url = {https://doi.org/10.1145/3677388.3696332},
doi = {10.1145/3677388.3696332},
booktitle = {Proceedings of the 17th ACM SIGGRAPH Conference on Motion, Interaction, and Games},
articleno = {2},
numpages = {6},
keywords = {peer-review},
location = {Arlington, VA, USA},
series = {MIG '24},
doi={https://doi.org/10.1145/3677388.3696332}
}


@inproceedings{normoyle2024using,
  title={Using LLMs to Animate Interactive Story Characters with Emotions and Personality},
  author={Normoyle, Aline and Sedoc, Jo{\~a}o and Durupinar, Funda},
  booktitle={2024 IEEE Conference on Virtual Reality and 3D User Interfaces Abstracts and Workshops (VRW)},
  pages={632--635},
  year={2024},
  organization={IEEE},
  doi={10.1109/VRW62533.2024.00124},
  keywords={peer-review}
}

@inproceedings{ngaw2024towards,
  title={Towards Authoring Open-Ended Behaviors for Narrative Puzzle Games with Large Language Model Support},
  author={Ngaw, Britney and Jena, Grishma and Sedoc, Jo{\~a}o and Normoyle, Aline},
  booktitle={Proceedings of the 19th International Conference on the Foundations of Digital Games},
  pages={1--4},
  year={2024},
  doi={10.1145/3649921.3656975},
  keywords={peer-review}
}

@inproceedings{normoyle2024curation,
  title={The Curation Tree: A Lightweight Behavior Tree Framework for Implementing Puzzle and Narrative Games},
  author={Normoyle, Aline and J{\"o}rg, Sophie and Hill, Jennifer},
  booktitle={Proceedings of the 19th International Conference on the Foundations of Digital Games},
  pages={1--4},
  year={2024},
  doi={10.1145/3649921.3659840},
  keywords={peer-review}
}

@article{adkins2023important,
  title={How important are detailed hand motions for communication for a virtual character through the lens of charades?},
  author={Adkins, Alex and Normoyle, Aline and Lin, Lorraine and Sun, Yu and Ye, Yuting and Di Luca, Massimiliano and Joerg, Sophie},
  journal={ACM Transactions on Graphics},
  volume={42},
  number={3},
  pages={1--16},
  year={2023},
  publisher={ACM New York, NY},
  doi={10.1145/3578575},
  keywords={peer-review}
}

@inproceedings{thumu2023towards,
  title={Towards Understanding the Role of Curiosity in Puzzle Design},
  author={Thumu, Neha and Meacham, Faith and Normoyle, Aline},
  booktitle={Companion Proceedings of the Annual Symposium on Computer-Human Interaction in Play},
  pages={17--21},
  year={2023},
  doi={10.1145/3573382.3616070},
  keywords={peer-review}
}

@inproceedings{mainardi2021authoring,
  title={An authoring tool to provide group and crowd animation using natural language scripts},
  author={Mainardi, Guido and Normoyle, Aline and Cassol, Vin{\'\i}cius and Badler, Norman and Musse, Soraia Raupp},
  booktitle={2021 20th Brazilian Symposium on Computer Games and Digital Entertainment (SBGames)},
  pages={153--161},
  year={2021},
  organization={IEEE},
  doi={10.1109/SBGames54170.2021.00027},
  keywords={peer-review}
}

@article{adkins2021evaluating,
  title={Evaluating grasping visualizations and control modes in a vr game},
  author={Adkins, Alex and Lin, Lorraine and Normoyle, Aline and Canales, Ryan and Ye, Yuting and J{\"o}rg, Sophie},
  journal={ACM Transactions on Applied Perception (TAP)},
  volume={18},
  number={4},
  pages={1--14},
  year={2021},
  publisher={ACM New York, NY},
  doi={10.1145/3486582},
  keywords={peer-review}
}

@inproceedings{chow2019crowd,
  title={Crowd and procession hypothesis testing for large-scale archaeological sites},
  author={Chow, Kristin and Normoyle, Aline and Nicewinter, Jeanette and Erickson, Clark L and Badler, Norman I},
  booktitle={MARCH Workshop, 2019 IEEE International Conference on Artificial Intelligence and Virtual Reality (AIVR)},
  pages={298--2983},
  year={2019},
  organization={IEEE},
  doi={10.1109/AIVR46125.2019.00069},
  keywords={peer-review}
}

@inproceedings{lin2019effect,
  title={The effect of hand size and interaction modality on the virtual hand illusion},
  author={Lin, Lorraine and Normoyle, Aline and Adkins, Alexandra and Sun, Yu and Robb, Andrew and Ye, Yuting and Di Luca, Massimiliano and J{\"o}rg, Sophie},
  booktitle={2019 IEEE Conference on Virtual Reality and 3D User Interfaces (VR)},
  pages={510--518},
  year={2019},
  organization={IEEE},
  doi={10.1109/VR.2019.8797787},
  keywords={peer-review}
}

@inproceedings{canales2019virtual,
  title={Virtual grasping feedback and virtual hand ownership},
  author={Canales, Ryan and Normoyle, Aline and Sun, Yu and Ye, Yuting and Luca, Massimiliano Di and J{\"o}rg, Sophie},
  booktitle={ACM Symposium on Applied Perception 2019},
  pages={1--9},
  year={2019},
  doi={10.1145/3343036.3343132},
  keywords={peer-review}
}

@inproceedings{normoyle2019q,
  title={The Q* bird Level Designer: User-assisted procedural level design in augmented reality},
  author={Normoyle, Aline and Cheng, Yifei},
  booktitle={Proceedings of the 12th ACM SIGGRAPH Conference on Motion, Interaction and Games},
  pages={1--2},
  year={2019},
  doi={10.1145/3359566.3364686},
  keywords={peer-review}
}

@article{normoyle2018effect,
  title={The effect of animation controller and avatar on player perceptions},
  author={Normoyle, Aline and J{\"o}rg, Sophie},
  journal={Computer Animation and Virtual Worlds},
  volume={29},
  number={6},
  year={2018},
  publisher={Wiley Online Library},
  doi={10.1002/cav.1731},
  keywords={peer-review}
}

@inproceedings{normoyle2015bayesian,
  title={Bayesian clustering of player styles for multiplayer games},
  author={Normoyle, Aline and Jensen, Shane},
  booktitle={Proceedings of the AAAI Conference on Artificial Intelligence and Interactive Digital Entertainment},
  volume={11},
  number={1},
  pages={163--169},
  year={2015},
  doi={10.1609/aiide.v11i1.12805},
  keywords={peer-review}
}

@inproceedings{normoyle2014stochastic,
  title={Stochastic activity authoring with direct user control},
  author={Normoyle, Aline and Likhachev, Maxim and Safonova, Alla},
  booktitle={Proceedings of the 18th Meeting of the ACM SIGGRAPH Symposium on Interactive 3D Graphics and Games},
  pages={31--38},
  year={2014},
  doi={10.1145/2556700.2556714},
  keywords={peer-review}
}


@inproceedings{normoyle2014player,
  title={Player perception of delays and jitter in character responsiveness},
  author={Normoyle, Aline and Guerrero, Gina and J{\"o}rg, Sophie},
  booktitle={Proceedings of the ACM symposium on applied perception},
  pages={117--124},
  year={2014},
  doi={:10.1145/2628257.2628263},
  keywords={peer-review}
}

@inproceedings{normoyle2014trade,
  title={Trade-offs between responsiveness and naturalness for player characters},
  author={Normoyle, Aline and J{\"o}rg, Sophie},
  booktitle={Proceedings of the 7th International Conference on Motion in Games},
  pages={61--70},
  year={2014},
  doi={10.1145/2668064.2668087},
  keywords={peer-review}
}

@inproceedings{normoyle2014stylistic,
  title={How do stylistic motions differ numerically from neutral ones?},
  author={Normoyle, Aline and Badler, Norman I},
  booktitle={Proceedings of the 7th International Conference on Motion in Games},
  pages={184--184},
  year={2014},
  doi={10.1145/2668064.2677080},
  keywords={peer-review}
}


@incollection{normoyle2013evaluating,
  title={Evaluating perceived trust from procedurally animated gaze},
  author={Normoyle, Aline and Badler, Jeremy B and Fan, Teresa and Badler, Norman I and Cassol, Vinicius J and Musse, Soraia R},
  booktitle={Proceedings of Motion on Games},
  pages={141--148},
  year={2013},
  doi={10.1145/2522628.2522630},
  keywords={peer-review}
}

@inproceedings{normoyle2013effect,
  title={The effect of posture and dynamics on the perception of emotion},
  author={Normoyle, Aline and Liu, Fannie and Kapadia, Mubbasir and Badler, Norman I and J{\"o}rg, Sophie},
  booktitle={Proceedings of the ACM symposium on applied perception (best student presentation)},
  pages={91--98},
  year={2013},
  doi={10.1145/2492494.2492500},
  keywords={peer-review}
}

@inproceedings{jorg2012responsiveness,
  title={How responsiveness affects players' perception in digital games},
  author={J{\"o}rg, Sophie and Normoyle, Aline and Safonova, Alla},
  booktitle={Proceedings of the ACM symposium on applied perception},
  pages={33--38},
  year={2012},
  doi={10.1145/2338676.2338683},
  keywords={peer-review}
}

@inproceedings{normoyle2012game,
  title={Game-based data capture for player metrics},
  author={Normoyle, Aline and Drake, John and Likhachev, Maxim and Safonova, Alla},
  booktitle={Proceedings of the AAAI Conference on Artificial Intelligence and Interactive Digital Entertainment},
  volume={8},
  number={1},
  pages={44--50},
  year={2012},
  doi={10.1609/aiide.v8i1.12508},
  keywords={peer-review}
}

@inproceedings{zhao2009automatic,
  title={Automatic construction of a minimum size motion graph},
  author={Zhao, Liming and Normoyle, Aline and Khanna, Sanjeev and Safonova, Alla},
  booktitle={Proceedings of the 2009 ACM SIGGRAPH/Eurographics symposium on Computer animation},
  pages={27--35},
  year={2009},
  doi={10.1145/1599470.1599474},
  keywords={peer-review}
}

@article{silverman2008embeddable,
  title={An embeddable testbed for insurgent and terrorist agent theories: InsurgiSim},
  author={Silverman, Barry G and Normoyle, Aline and Kannan, Praveen and Pater, Richard and Chandrasekaran, Deepthi and Bharathy, Gnana},
  journal={Intelligent Decision Technologies},
  volume={2},
  number={4},
  pages={193--203},
  year={2008},
  publisher={IOS Press},
  doi={10.5555/1515884.1515885},
  keywords={peer-review}
}

@inproceedings{knight2008transgression,
  title={Transgression and atonement},
  author={Knight, Kevin M and Chandrasekaran, Deepthi and Normoyle, Aline and Weaver, Ransom and Silverman, Barry G},
  booktitle={International Workshop on Coordination, Organizations, Institutions, and Norms in Agent Systems (COIN'08)},
  pages={250--265},
  year={2008},
  organization={Springer Berlin Heidelberg Berlin, Heidelberg},
  doi={10.5555/3000392.3000414},
  keywords={peer-review}
}


%------------------------------------------------------------
% Whitepapers, talks, posters need keywords={other}
%
%------------------------------------------------------------

@inproceedings{seghas25measuring,
  title={Measuring changes in Nicaraguan signing using skeletal modeling with analog 2D video sources},
  author={Senghas, Ann and Normoyle, Aline and Caselli, Naomi and Occhino, Corrine and Dye, Matthew W. G.},
  booktitle={15th International Conference on Theoretical Issues in Sign Language Research (TISLR 15)},
  note={Poster},
  year={2025},
  keywords={other}
}

@misc{thapar24memoryVR,
  author= {Thapar, Anjali and Tan, Marrian and Taylor, Olivia and and Normoyle, Aline},
  title = {The Impact of Immersive Environments on Memory Performance.},
  year = {2024},  
  note={Presented at the Annual Meeting of the Psychonomic Society in New York, NY.},
  keywords={other}
}


@misc{normoyle2023Bamberg,
  title={The effects of inaccurate body language on 3D digital self-expression.},
  note={Invited Talk, Bamberg University, Bamberg, Germany},
  year={2023},
  keywords={other}
}

@misc{normoyle2022CIMAT,
  title={How avatar grasping affects perceived body ownership and performance in virtual reality.},
  note={Invited Talk, CIMAT, Guanajuato, Mexico},
  year={2022},
  keywords={other}
}

@inproceedings{normoyle2022open,
  title={Open-body-fit: open-source resources for estimating biomechanically-motivated metrics from video},
  author={Normoyle A., Zhang E., and Badler N. I.},
  booktitle={ACM SIGGRAPH Motion, Interaction, and Games (MIG '22)},
  year={2022},
  note={Poster},
  keywords={other}
}

@inproceedings{normoyle22tislr,
  title={Open-Source Pipeline for Skeletal Modeling of Sign Language Utterances from 2D Video Sources},
  author={Normoyle, Aline and Artacho, Bruno and Savakis, Andreas and Senghas, Ann and Badler, Norman I. and Occhino, Corrine and Rothstein, Samuel J., and Dye, Matthew W. G.},
  booktitle={14th International Conference on Theoretical Issues in Sign Language Research (TISLR 14)},
  note={Talk},
  year={2022},
  keywords={other}
}

@article{normoyle2021bayesian,
  title={Bayesian learning of play styles in multiplayer video games},
  author={Normoyle, Aline and Jensen, Shane T},
  journal={arXiv preprint arXiv:2112.07437},
  year={2021},
  keywords={other}
}

@inproceedings{normoyle2021open,
  title={Quantifying sign-language movement kinematics from video},
  author={Normoyle A., Rothstein S. J., and Badler N. I.},
  booktitle={ACM SIGGRAPH Symposium on Interactive 3D Graphics and Games (i3D '21)},
  year={2021},
  note={Poster},
  keywords={other}
}

@misc{FFPhilly,
  title={Civic Portal: Virtual Monuments},
  author={Lane, Stephen H. and Normoyle, Aline},
  year={2018},
  note={Fast Forward Philly},
  keywords={other}
}

@misc{RC-Berlin,
  title={Procedural Art Pop-up},
  year={2017},
  note={Recurse Center, Hosted by the School of Machines, Making, and Make Believe, Berlin},
  keywords={other}
}

@misc{GDC,
  title={How to use machine learning like a responsible adult},
  author={Sunshine-Hill, B. and Normoyle, A.},
  year={2015},
  note={ AI Summit, Game Developer Conference},
  keywords={other}
}

@article{sedoc2017seating,
  title={Seating Assignment Using Constrained Signed Spectral Clustering},
  author={Sedoc, Jo{\~a}o and Normoyle, Aline},
  journal={arXiv preprint arXiv:1708.00898},
  year={2017},
  keywords={other}
}

@article{normoyle2012egress,
  title={Egress online: towards leveraging massively, multiplayer environments for evacuation studies},
  author={Normoyle, Aline and Drake, John and Safonova, Alla},
  journal={whitepaper},
  year={2012},
  keywords={other}
}

@inproceedings{summers2005increasing,
  title={Increasing situational awareness by combining realistic and non-realistic rendering techniques},
  author={Summers, V and Normoyle, Aline and Flo, Robert},
  booktitle={Proceedings of the 10th International Command and Control Research and Technology Symposium},
  year={2005},
  note={Accession Number: ADA463760},
  keywords={peer-review}
}

%------------------------------------------------------------
% Patents need to have keywords={patents}
%
%------------------------------------------------------------

@misc{lane2024methods,
  title={Methods, systems, and computer readable media for extended reality user interface},
  author={Lane, Stephen H and Boyd-Surka, Matthew Anthony and Bai, Yaoyi and Normoyle, Aline Sarah},
  year={2024},
  publisher={Google Patents},
  note={US Patent 11,893,696, U.S. Patent Application 17/412,197},
  keywords={patent}
}


